% Websites

@electronic{AWSLaunch,
 organization = "Amazon Web Services",
 title     = {"{About AWS}"},
 url       = "https://aws.amazon.com/about-aws/",
}

@electronic{AzureLaunch,
 title     = {"{The History of Microsoft Azure}"},
 organization = "Microsoft",
 url       = "\url{https://techcommunity.microsoft.com/t5/educator-developer-blog/the-history-of-microsoft-azure/ba-p/3574204}",
}

@electronic{GCPLaunch,
 author    = {Brian Stevens},
 title     = {"{Google Cloud Platform: your Next home in the cloud}"},
 url       = "\url{https://cloud.google.com/blog/products/gcp/google-cloud-platform-your-next-home-in-the-cloud}",
}

@electronic{IDCReport,
 organization = "IDC",
 title     = {"{IDC Forecasts Worldwide "Whole Cloud" Spending to Reach \$1.3 Trillion by 2025}"},
 url       = "https://www.idc.com/getdoc.jsp?containerId=prUS48208321",
}

@electronic{SalesforceHistory,
 organization = "Salesforce.com",
 title     = {"{The History of Salesforce}"},
 url       = "\url{https://www.salesforce.com/news/stories/the-history-of-salesforce}",
}

@electronic{CNCFHome,
 organization = "CNCF",
 title     = {"{Cloud Native Computing Foundation Homepage}"},
 url       = "\url{https://www.cncf.io/}",
}

@electronic{CNCFGithub,
 organization = "GitHub",
 title     = {"{CNCF Cloud Native Definition v1.0}"},
 url       = "\url{https://github.com/cncf/toc/blob/main/DEFINITION.md}",
}

@electronic{DockerContainer,
 organization = "Docker.com",
 title     = {"{Use containers to Build, Share and Run your applications}"},
 url       = {\url{https://www.docker.com/resources/what-container}},
}

@electronic{AWS-AZ,
 organization = "AWS",
 title     = {"{Regions and Availability Zones}"},
 url       = {\url{https://aws.amazon.com/about-aws/global-infrastructure/regions\_az}},
}

@electronic{terraform,
 organization = "Hashicorp",
 title     = {"{Automate Infrastructure on Any Cloud}"},
 url       = {\url{https://terraform.io}},
}

@electronic{AWSCloudFormation,
 organization = "AWS",
 title     = {"{AWS CloudFormation}"},
 url       = {\url{https://aws.amazon.com/cloudformation}},
}

@electronic{AzureResourceManager,
 organization = "Microsoft",
 title     = {"{What is Azure Resource Manager}"},
 url       = {\url{https://learn.microsoft.com/en-us/azure/azure-resource-manager/management/overview}},
}

@electronic{Pulumi,
 organization = "Pulumi",
 title     = {"{Pulumi: Universal Infrastructure as Code}"},
 url       = {\url{https://www.pulumi.com}},
}

@electronic{kubernetes,
 organization = "CNCF",
 title     = {"{Production-Grade Container Orchestration}"},
 url       = {\url{https://www.kubernetes.io}},
}

@electronic{12factor,
 author 	= {Wiggins, Adam},
 organization = "Heroku",
 title     = {"{The Twelve-Factor App}"},
 url       = {\url{https://12factor.net}},
}

@electronic{12factorRevisited,
 organization = "architecture notes",
 title     = {"{12 Factor App Revisited}"},
 url       = {\url{https://architecturenotes.co/12-factor-app-revisited/}},
}

@electronic{datamesh,
 organization = "Thoughtworks",
 author 	= {Dehghani, Zhamak},
 title     = {"{Data Mesh Principles and Logical Architecture}"},
 url       = {\url{https://martinfowler.com/articles/data-mesh-principles.html}},
}

%
% PAPERS
%
@incollection{baldini2017serverless,
  title={Serverless computing: Current trends and open problems},
  author={Baldini, Ioana and Castro, Paul and Chang, Kerry and Cheng, Perry and Fink, Stephen and Ishakian, Vatche and Mitchell, Nick and Muthusamy, Vinod and Rabbah, Rodric and Slominski, Aleksander and others},
  booktitle={Research advances in cloud computing},
  pages={1--20},
  year={2017},
  publisher={Springer}
}

@inproceedings{haas2017bringing,
  title={Bringing the web up to speed with WebAssembly},
  author={Haas, Andreas and Rossberg, Andreas and Schuff, Derek L and Titzer, Ben L and Holman, Michael and Gohman, Dan and Wagner, Luke and Zakai, Alon and Bastien, JF},
  booktitle={Proceedings of the 38th ACM SIGPLAN Conference on Programming Language Design and Implementation},
  pages={185--200},
  year={2017}
}

@inproceedings{bosshard2020use,
  title={On the use of web assembly in a serverless context},
  author={Bosshard, Bill},
  booktitle={Agile Processes in Software Engineering and Extreme Programming--Workshops},
  pages={141},
  year={2020}
}


@incollection{engelsrud2019moving,
  title={Moving to the Cloud: Lift and Shift},
  author={Engelsrud, Aaron},
  booktitle={Managing PeopleSoft on the Oracle Cloud},
  pages={229--242},
  year={2019},
  publisher={Springer}
}

@ARTICLE{CloudMigration2017,
  author={Linthicum, David S.},
  journal={IEEE Cloud Computing}, 
  title={Cloud-Native Applications and Cloud Migration: The Good, the Bad, and the Points Between}, 
  year={2017},
  volume={4},
  number={5},
  pages={12-14},
  doi={10.1109/MCC.2017.4250932}}

@techreport{GartnerMASA,
  author={Thomas, Anne and Gupta, Aashish},
  institution={Gartner Research}, 
  number = {G00392875},
  title={Adopt a Mesh App and Service Architecture to Power Your Digital Business}, 
  month={July},
  year={2022},
  }
  
@ARTICLE{CDN,
  author={Vakali, A. and Pallis, G.},
  journal={IEEE Internet Computing}, 
  title={Content delivery networks: status and trends}, 
  year={2003},
  volume={7},
  number={6},
  pages={68-74},
  doi={10.1109/MIC.2003.1250586}}
  
  @inproceedings{albuquerque2017function,
  title={Function-as-a-service x platform-as-a-service: Towards a comparative study on FaaS and PaaS},
  author={Albuquerque Jr, Lucas F and Ferraz, Felipe Silva and Oliveira, RF and Galdino, SM},
  booktitle={ICSEA},
  pages={206--212},
  year={2017}
}
  
  
  %
  % BOOKS
  %
  @book{kim2016devops,
  title={The DevOps Handbook: How to Create World-class Agility, Reliability, and Security in Technology Organizations},
  author={Kim, G. and Debois, P. and Willis, J. and Humble, J. and Allspaw, J.},
  url={https://books.google.com/books?id=Kvq5zQEACAAJ},
  year={2016},
  publisher={IT Revolution Press, LLC}
}

@book{hoffman2016beyond,
  title={Beyond the Twelve-factor App: Exploring the DNA of Highly Scalable, Resilient Cloud Applications},
  author={Hoffman, K.},
  isbn={9781491944035},
  url={https://books.google.com/books?id=Ib3iuQEACAAJ},
  year={2016},
  publisher={O'Reilly Media}
}

@book{vernon2013implementing,
  title={Implementing Domain-Driven Design},
  author={Vernon, V.},
  isbn={9780133039887},
  url={https://books.google.com/books?id=X7DpD5g3VP8C},
  year={2013},
  publisher={Pearson Education}
}

@book{evans2004domain,
  title={Domain-driven Design: Tackling Complexity in the Heart of Software},
  author={Evans, E. and Fowler, M. and Evans, E.J.},
  isbn={9780321125217},
  lccn={2003050331},
  url={https://books.google.com/books?id=xColAAPGubgC},
  year={2004},
  publisher={Addison-Wesley}
}



